@article{recsi,
	author = {O. Alàs, F. Sebé, S. Simón},
	title = {Anonymity and unlinkability in ring signature-based discussion boardsI},
	journaltitle = {RECSI},
	pages={7-10},
	date = {19th october of 2022},
	url = {https://recsi2022.unican.es/wp-content/uploads/2022/10/LibroActas-978-84-19024-14-5.pdf},
}

@article{group,
	author = {D. Chaum, E. ban Heyst},
	title = {Group Signatures in Advances in Cryptology - EUROCRYPT'91, Lecture Notes in Computer Science},
	volume={547},
	pages={257-256},
	year={1991},
	
}
@article{ring,
	author = {R.L. Rivest, A. Shamir, Y. Tauman},
	title = {How to leak a secret, in Intl. Conf. on the Theroy and Application of Cryptology and Information Security, Lecure Notes in Computer Science},
	volume={2248},
	pages={552-565},
	year={2001},
}

@article{elgamal,
	author = {J. Ren and L. Harn},
	title = {A group signature scheme based on an RSA-variant, in Intl. Conf. on Wireless Algorithms, Sysmtes and Applications, Lecture Notes in Computer Science},
	volume={4138},
	pages={445-456},
	year={2006},
}

@article{zipf,
	author = {B. Carron-Arthur, J.A. Cunningham and K.M Friffiths},
	title = {Describing the distribution of engagement in an Internet support group by post frequency: A comparison of the 90-9-1 Principle and Zipf's Law, in Internet Interventions},
	volume={1},
	number={4},
	pages={165-168},
	year={2014},
}

 @article{busom2016efficient,
  title={Efficient smart metering based on homomorphic encryption},
  author={Busom, N{\'u}ria and Petrlic, Ronald and Seb{\'e}, Francesc and Sorge, Christoph and Valls, Magda},
  journal={Computer Communications},
  volume={82},
  pages={95--101},
  year={2016},
  publisher={Elsevier}
}

@article{garra2019repairing,
  title={Repairing an aggregation-based smart metering system},
  author={Garra Oronich, Ricard and Leibenger, Dominik and Miret, Josep Maria and Seb{\'e} Feixas, Francesc},
  journal={International Journal Of Information Security, 2019, vol. 18, p. 637--646},
  year={2019},
  publisher={Springer Berlin Heidelberg}
}

@article{garra2018improving,
  title={Improving a smart metering system using elliptic curves and removing the trusted dealer},
  author={Garra Oronich, Ricard and Mart{\'\i}nez Rodr{\'\i}guez, Santi and Miret, Josep Maria and Seb{\'e} Feixas, Francesc},
  journal={Actas XV Reuni{\'o}n Espa{\~n}ola sobre Criptolog{\'\i}a y Seguridad de la Informaci{\'o}n (RECSI): Granada, 3, 4 y 5 de octubre de 2018. Eds.: Pedro Garc{\'\i}a Teodoro, Ra{\'u}l Barrag{\'a}n Gil y N. Marta Fuentes Garc{\'\i}a. Granada: Universidad de Granada, Network Engineering \& Security Group, 2018. ISBN: 978-84-09-02463-6. P. 62-65},
  year={2018}
}

@article{kumar2019smart,
  title={Smart grid metering networks: A survey on security, privacy and open research issues},
  author={Kumar, Pardeep and Lin, Yun and Bai, Guangdong and Paverd, Andrew and Dong, Jin Song and Martin, Andrew},
  journal={IEEE Communications Surveys \& Tutorials},
  volume={21},
  number={3},
  pages={2886--2927},
  year={2019},
  publisher={IEEE}
}

@article{martinez2020measuring,
  title={Measuring privacy in smart metering anonymized data},
  author={Mart{\'\i}nez, Santi and Seb{\'e}, Francesc and Sorge, Christoph},
  journal={arXiv preprint arXiv:2002.04863},
  year={2020}
}
